
@incollection {Dritschel,
    AUTHOR = {Dritschel, Michael A. and Rovnyak, James},
     TITLE = {The operator {F}ej\'er-{R}iesz theorem},
 BOOKTITLE = {A glimpse at {H}ilbert space operators},
    SERIES = {Oper. Theory Adv. Appl.},
    VOLUME = {207},
     PAGES = {223--254},
 PUBLISHER = {Birkh\"auser Verlag, Basel},
      YEAR = {2010},
   MRCLASS = {47A68 (30G20 32A70 42A05 47A13 47A56 47B35)},
  MRNUMBER = {2743422 (2012c:47052)},
MRREVIEWER = {Hugo Jan Woerdeman},
       DOI = {10.1007/978-3-0346-0347-8_14},
       URL = {http://dx.doi.org/10.1007/978-3-0346-0347-8_14},
}
@book {Paulsen,
    AUTHOR = {Paulsen, Vern},
     TITLE = {Completely bounded maps and operator algebras},
    SERIES = {Cambridge Studies in Advanced Mathematics},
    VOLUME = {78},
 PUBLISHER = {Cambridge University Press, Cambridge},
      YEAR = {2002},
     PAGES = {xii+300},
      ISBN = {0-521-81669-6},
   MRCLASS = {46L07 (47A20 47L30)},
  MRNUMBER = {1976867 (2004c:46118)},
MRREVIEWER = {Christian Le Merdy},
}